@MISC{David,
      AUTHOR = "Gnome-Do",
      TITLE = "David Siegel",
      howpublished = {\url{http://do.davebsd.com/wiki/David_Siegel}}
}

@MISC{Gnome,
      AUTHOR = "Do",
      TITLE = "Gnome-Do",
      howpublished = {\url{http://do.davebsd.com/wiki/Main_Page}}
}

@MISC{fosswire,
      AUTHOR = "fosswire",
      TITLE = "Do vs Launchy",
      howpublished = {\url{http://fosswire.com/post/2008/07/gnome-do-vs-launchy/}}
}

@MISC{Wiki,
      AUTHOR = "Wikibooks",
      TITLE = "Tables",
      howpublished = {\url{http://en.wikibooks.org/wiki/LaTeX/Tables}}
}


@MISC{release,
      AUTHOR = "Launchpad",
      TITLE = "Timeline",
      howpublished = {\url{https://launchpad.net/do/+series}}
}

@MISC{git,
      AUTHOR = "github",
      TITLE = "git",
      howpublished = {\url{ttp://help.github.com/create-a-repo/}}
}

@MISC{dock,
      AUTHOR = "lcardinaals",
      TITLE = "dock",
      howpublished = {\url{http://lcardinaals.wordpress.com/2009/02/15/ubuntu-gnome-do-docky/}}
}
